<?xml version="1.0" encoding="UTF-8"?><record xmlns="http://www.loc.gov/MARC21/slim" xmlns:cinclude="http://apache.org/cocoon/include/1.0" xmlns:zs="http://www.loc.gov/zing/srw/">
  <leader>00483nz  a2200133n  4500</leader>
  <controlfield tag="001">n  88135156 </controlfield>
  <controlfield tag="003">DLC</controlfield>
  <controlfield tag="005">19880713142748.2</controlfield>
  <controlfield tag="008">880701n| acannaab|          |n aaa ||| b</controlfield>
  <datafield tag="010" ind1=" " ind2=" ">
    <subfield code="a">n  88135156 </subfield>
  </datafield>
  <datafield tag="040" ind1=" " ind2=" ">
    <subfield code="a">DNLM</subfield>
    <subfield code="c">DLC</subfield>
    <subfield code="d">DLC</subfield>
  </datafield>
  <datafield tag="100" ind1="1" ind2="0">
    <subfield code="a">Nakajima, Hidehiko,</subfield>
    <subfield code="d">1936-</subfield>
  </datafield>
  <datafield tag="670" ind1=" " ind2=" ">
    <subfield code="a">His Shōni kyōbu X-sen shindan, 1984:</subfield>
    <subfield code="b">t.p. (Nakajima Hidehiko) colophon (asst. prof., Kitazato Daigaku Igakubu)</subfield>
  </datafield>
  <datafield tag="670" ind1=" " ind2=" ">
    <subfield code="a">Zenkoku daigaku shokuin, shigaku, 1986:</subfield>
    <subfield code="b">p. 254 (Nakajima Hidehiko; b. Shōwa 11)</subfield>
  </datafield>
</record>